@preamble{ "\newcommand{\noopsort}[1]{} "
	# "\newcommand{\printfirst}[2]{#1} "
	# "\newcommand{\singleletter}[1]{#1} "
	# "\newcommand{\switchargs}[2]{#2#1} " }

@article {Roemer90,
    author = {Roemer, P. B. and Edelstein, W. A. and Hayes, C. E. and Souza, S. P. and Mueller, O. M.},
    title = {The NMR phased array},
    journal = {Magnetic Resonance in Medicine},
    volume = {16},
    number = {2},
    pages = {192--225},
    year = {1990},
}


@article{Pruessmann1999,
    author = {Pruessmann, Klaas P and Weiger, Markus and Scheidegger, Markus B and Boesiger, Peter},
    journal = {Magnetic Resonance in Medicine},
    number = {5},
    pages = {952--962},
    title = {{SENSE: Sensitivity encoding for fast MRI}},
    volume = {42},
    year = {1999}
}

@article{Breuer2009,
    author = {Breuer, Felix A. and Kannengiesser, Stephan A R and Blaimer, Martin and Seiberlich, Nicole and Jakob, Peter M. and Griswold, Mark A.},
    journal = {Magnetic Resonance in Medicine},
    number = {3},
    pages = {739--746},
    title = {{General formulation for quantitative G-factor calculation in GRAPPA reconstructions}},
    volume = {62},
    year = {2009}
}

@BOOK {nishimura,
    author  = "Dwight G. Nishimura.",
    title   = "Principles of magnetic resonance imaging",
    year    = "2010",
    edition = "1.1"
}

@BOOK{book-full,
   author = "Donald E. Knuth",
   title = "Seminumerical Algorithms",
   volume = 2,
   series = "The Art of Computer Programming",
   publisher = "Addison-Wesley",
   address = "Reading, Massachusetts",
   edition = "Second",
   month = "10~" # jan,
   year = "{\noopsort{1973c}}1981",
   note = "This is a full BOOK entry",
}

